
@online{clearyProjectStructureExpress2020,
  title = {Project Structure for an {{Express REST API}} When There Is No “Standard Way” – {{Corey Cleary}}},
  author = {Cleary, Corey},
  date = {2020-04-10},
  journaltitle = {Corey Cleary},
  url = {https://www.coreycleary.me/project-structure-for-an-express-rest-api-when-there-is-no-standard-way/},
  urldate = {2020-06-18},
  file = {/home/sean/Zotero/storage/7T5BVU7V/project-structure-for-an-express-rest-api-when-there-is-no-standard-way.html},
  langid = {english},
  type = {Blog}
}


